<?xml version="1.0" encoding="UTF-8"?><collection xmlns="http://www.loc.gov/MARC21/slim"><record><leader>00307nam--2200109-i-4500</leader><controlfield tag="001">000049045</controlfield><controlfield tag="002">20161230</controlfield><controlfield tag="005">20161230201047</controlfield><controlfield tag="008">060222s1000------------r-----000-0-eng-d</controlfield><datafield ind1=" " ind2=" " tag="245"><subfield code="a">Radioisotope teletherapy equipment. intern.diretory</subfield></datafield><datafield ind1=" " ind2=" " tag="260"><subfield code="a">Vienna, The Intern.Atomic Energy Agency, 1959, 121p</subfield></datafield><datafield ind1=" " ind2=" " tag="852"><subfield code="a">15066</subfield></datafield></record></collection>